@thesis{JS06,
    author =       "J. Sample",
    title =        "{On the Possibility of the Impossible}",
    institution =  "Jacobs University Bremen",
    type =	 "Bachelor's Thesis",
    month =        sep,
    year =         "2010",
    doi =		 "08/15"
}